@article{black2013object,
  title={Object-oriented programming: Some history, and challenges for the next fifty years},
  author={Black, Andrew P},
  journal={Information and Computation},
  volume={231},
  pages={3--20},
  year={2013},
  publisher={Elsevier}
}

@inproceedings{snyder1986encapsulation,
  title={Encapsulation and inheritance in object-oriented programming languages},
  author={Snyder, Alan},
  booktitle={ACM Sigplan Notices},
  volume={21},
  number={11},
  pages={38--45},
  year={1986},
  organization={ACM}
}


@book{dierbach2012introduction,
	title={Introduction to Computer Science Using Python: A Computational Problem-Solving Focus},
	author={Dierbach, Charles},
	year={2012},
	publisher={Wiley Publishing}
}

@ONLINE{site:python,
	author = {Python},
	title = {Python e Programação Orientada a Objeto
	},
	year = {2018},
	url = {https://wiki.python.org.br/ProgramacaoOrientadaObjetoPython}
}
